<record><leader>00000cas a2200000 a 4500</leader><controlfield tag="001">9778072</controlfield><controlfield tag="008">830804d185718uuscudn ne      0    0eng c</controlfield><datafield ind1=" " ind2=" " tag="010"><subfield code="a">sn 83025763 </subfield></datafield><datafield ind1=" " ind2=" " tag="040"><subfield code="a">NPV</subfield><subfield code="b">eng</subfield><subfield code="c">NPV</subfield><subfield code="d">NPU</subfield><subfield code="d">DLC</subfield><subfield code="d">NPX</subfield><subfield code="d">KNP</subfield><subfield code="d">NLG</subfield><subfield code="d">KNP</subfield><subfield code="d">HUL</subfield><subfield code="d">MGN</subfield><subfield code="d">SVN</subfield><subfield code="d">NVK</subfield><subfield code="d">FUG</subfield><subfield code="d">TGN</subfield><subfield code="d">DLC</subfield><subfield code="d">OCL</subfield><subfield code="d">CVF</subfield><subfield code="d">UKMGB</subfield><subfield code="d">OCLCQ</subfield><subfield code="d">OCLCF</subfield><subfield code="d">OCLCO</subfield></datafield><datafield ind1="7" ind2=" " tag="016"><subfield code="a">013917478</subfield><subfield code="2">Uk</subfield></datafield><datafield ind1="1" ind2=" " tag="029"><subfield code="a">NZ1</subfield><subfield code="b">4418577</subfield></datafield><datafield ind1="1" ind2=" " tag="029"><subfield code="a">AU@</subfield><subfield code="b">000020293326</subfield></datafield><datafield ind1=" " ind2=" " tag="042"><subfield code="a">pcc</subfield></datafield><datafield ind1=" " ind2=" " tag="043"><subfield code="a">n-us-sc</subfield></datafield><datafield ind1=" " ind2=" " tag="045"><subfield code="a">w5w6</subfield></datafield><datafield ind1=" " ind2=" " tag="052"><subfield code="a">3913</subfield><subfield code="b">R5</subfield></datafield><datafield ind1="0" ind2=" " tag="130"><subfield code="a">Daily southern guardian (Columbia, S.C. : 1857)</subfield></datafield><datafield ind1="1" ind2="4" tag="245"><subfield code="a">The daily southern guardian.</subfield></datafield><datafield ind1="1" ind2="3" tag="246"><subfield code="a">Guardian</subfield></datafield><datafield ind1="1" ind2="3" tag="246"><subfield code="a">Southern guardian</subfield><subfield code="f">&lt;1861&gt;</subfield></datafield><datafield ind1="1" ind2=" " tag="246"><subfield code="i">Sometimes published as:</subfield><subfield code="a">Daily guardian</subfield></datafield><datafield ind1=" " ind2=" " tag="260"><subfield code="a">Columbia, S.C. :</subfield><subfield code="b">By an Association of printers</subfield></datafield><datafield ind1=" " ind2=" " tag="300"><subfield code="a">v. :</subfield><subfield code="b">ill. ;</subfield><subfield code="c">59-73 cm.</subfield></datafield><datafield ind1=" " ind2=" " tag="310"><subfield code="a">Daily (except Sunday)</subfield></datafield><datafield ind1="1" ind2=" " tag="362"><subfield code="a">Began in 1857.</subfield></datafield><datafield ind1=" " ind2=" " tag="500"><subfield code="a">"The South--Equality or Independence."</subfield></datafield><datafield ind1=" " ind2=" " tag="500"><subfield code="a">Publisher varies: Charles P. Pelham, &lt;1858&gt;-&lt;1865&gt;; Wm. H. M'Caw &amp; Co., &lt;1870&gt;.</subfield></datafield><datafield ind1=" " ind2=" " tag="515"><subfield code="a">Issue for Dec. 11, 1858 also called vol. 2, no. 217.</subfield></datafield><datafield ind1=" " ind2=" " tag="530"><subfield code="a">Microfilm available from the University of South Carolina.</subfield></datafield><datafield ind1=" " ind2=" " tag="588"><subfield code="a">Description based on: Apr. 6, 1858.</subfield></datafield><datafield ind1=" " ind2=" " tag="588"><subfield code="a">Latest issue consulted: New ser. v. 1., no. 89 (May 10, 1870).</subfield></datafield><datafield ind1=" " ind2="0" tag="651"><subfield code="a">Columbia (S.C.)</subfield><subfield code="v">Newspapers.</subfield></datafield><datafield ind1=" " ind2="0" tag="651"><subfield code="a">Richland County (S.C.)</subfield><subfield code="v">Newspapers.</subfield></datafield><datafield ind1=" " ind2="7" tag="655"><subfield code="a">Newspapers.</subfield><subfield code="2">fast</subfield><subfield code="0">(OCoLC)fst01423814</subfield></datafield><datafield ind1=" " ind2="7" tag="651"><subfield code="a">South Carolina</subfield><subfield code="z">Columbia.</subfield><subfield code="2">fast</subfield><subfield code="0">(OCoLC)fst01206785</subfield></datafield><datafield ind1=" " ind2="7" tag="651"><subfield code="a">South Carolina</subfield><subfield code="z">Richland County.</subfield><subfield code="2">fast</subfield><subfield code="0">(OCoLC)fst01206357</subfield></datafield><datafield ind1=" " ind2=" " tag="752"><subfield code="a">United States</subfield><subfield code="b">South Carolina</subfield><subfield code="c">Richland</subfield><subfield code="d">Columbia.</subfield></datafield><datafield ind1="0" ind2=" " tag="775"><subfield code="t">Tri-weekly southern guardian</subfield><subfield code="w">(DLC)sn 85042786</subfield></datafield><datafield ind1="0" ind2=" " tag="775"><subfield code="t">Weekly southern guardian</subfield><subfield code="w">(DLC)sn 92065691</subfield></datafield><datafield ind1=" " ind2=" " tag="850"><subfield code="a">MH</subfield></datafield></record>